@book{ studijni-text,
    author="Nosek D. a J. Vrzal",
    title="Spektrometrie záření α",
    year="30. září 2003",
    note = "Dostupné z: \url{https://physics.mff.cuni.cz/vyuka/zfp/_media/zadani/texty/txt_405.pdf}"
}
